@article{berners2001semantic,
  title={The semantic web},
  author={Berners-Lee, Tim and Hendler, James and Lassila, Ora},
  journal={Scientific american},
  volume={284},
  number={5},
  pages={34--43},
  year={2001},
  publisher={JSTOR}
}

@inproceedings{nuamah2016functional,
  title={Functional inferences over heterogeneous data},
  author={Nuamah, Kwabena and Bundy, Alan and Lucas, Christopher},
  booktitle={International Conference on Web Reasoning and Rule Systems},
  pages={159--166},
  year={2016},
  organization={Springer}
}

@inproceedings{bundy2018automated,
  title={Automated Reasoning in the Age of the Internet},
  author={Bundy, Alan and Nuamah, Kwabena and Lucas, Christopher},
  booktitle={International Conference on Artificial Intelligence and Symbolic Computation},
  pages={3--18},
  year={2018},
  organization={Springer}
}

@inproceedings{unger2014question,
  title={Question answering over linked data (QALD-4)},
  author={Unger, Christina and Forascu, Corina and Lopez, Vanessa and Ngomo, Axel-Cyrille Ngonga and Cabrio, Elena and Cimiano, Philipp and Walter, Sebastian},
  year={2014}
}


@article{ferrucci2010building,
  title={Building Watson: An overview of the DeepQA project},
  author={Ferrucci, David and Brown, Eric and Chu-Carroll, Jennifer and Fan, James and Gondek, David and Kalyanpur, Aditya A and Lally, Adam and Murdock, J William and Nyberg, Eric and Prager, John and others},
  journal={AI magazine},
  volume={31},
  number={3},
  pages={59--79},
  year={2010}
}


@inproceedings{huang2019knowledge,
  title={Knowledge graph embedding based question answering},
  author={Huang, Xiao and Zhang, Jingyuan and Li, Dingcheng and Li, Ping},
  booktitle={Proceedings of the Twelfth ACM International Conference on Web Search and Data Mining},
  pages={105--113},
  year={2019}
}

@article{dalwadi2012semantic,
  title={Semantic Web And Comparative Analysis of Inference Engines},
  author={Dalwadi, Neha and Nagar, Bhaumik and Makwana, Ashwin and others},
  journal={Int. J. of Computer Science and Information Technologies},
  volume={3},
  number={3},
  pages={3843--3847},
  year={2012}
}

@article{vrandevcic2014wikidata,
  title={Wikidata: a free collaborative knowledgebase},
  author={Vrande{\v{c}}i{\'c}, Denny and Kr{\"o}tzsch, Markus},
  journal={Communications of the ACM},
  volume={57},
  number={10},
  pages={78--85},
  year={2014},
  publisher={ACM New York, NY, USA}
}

@book{bibel2013automated,
  title={Automated theorem proving},
  author={Bibel, Wolfgang},
  year={2013},
  publisher={Springer Science \& Business Media}
}

@book{fitting2012first,
  title={First-order logic and automated theorem proving},
  author={Fitting, Melvin},
  year={2012},
  publisher={Springer Science \& Business Media}
}
